@article{zheng2015investigating,
  title={Investigating critical frequency bands and channels for EEG-based emotion recognition with deep neural networks},
  author={Zheng, Wei-Long and Lu, Bao-Liang},
  journal={IEEE Transactions on autonomous mental development},
  volume={7},
  number={3},
  pages={162--175},
  year={2015},
  publisher={IEEE}
}
@article{song2018eeg,
  title={EEG emotion recognition using dynamical graph convolutional neural networks},
  author={Song, Tengfei and Zheng, Wenming and Song, Peng and Cui, Zhen},
  journal={IEEE Transactions on Affective Computing},
  volume={11},
  number={3},
  pages={532--541},
  year={2018},
  publisher={IEEE}
}